
@Inbook{Smythe2021.7,
author="Smythe, Richard J.",
title="Variable Intensity and Power Control",
bookTitle="Arduino in Science: Collecting, Displaying, and Manipulating Sensor Data ",
year="2021",
publisher="Apress",
address="Berkeley, CA",
pages="209--238",
}

@Inbook{Smythe2021.8,
author="Smythe, Richard J.",
title="Counting Events and Timing",
bookTitle="Arduino in Science: Collecting, Displaying, and Manipulating Sensor Data ",
year="2021",
publisher="Apress",
address="Berkeley, CA",
pages="239--304"
}


@INPROCEEDINGS{8539321,
  author={Abdullah, Aziera and Yusoff, Siti Hajar and Zaini, Syasya Azra and Midi, Nur Shahida and Mohamad, Sarah Yasmin},
  booktitle={2018 7th International Conference on Computer and Communication Engineering (ICCCE)}, 
  title={Smart Street Light Using Intensity Controller}, 
  year={2018}
  }


  @INPROCEEDINGS{7456689,
  author={Chaitanya, B. Krishna and Suresh, R. and Kaushik, A.S.K. and Mahesh, M. and Kala, Chandra and Kumar, K.S. Ravi},
  booktitle={2015 IEEE UP Section Conference on Electrical Computer and Electronics (UPCON)}, 
  title={Automation of street lights using Arduino \& NI Lab VIEW}, 
  year={2015}
  }

@INPROCEEDINGS{7513906,
  author={Kuusik, Marko and Varjas, Toivo and Rosin, Argo},
  booktitle={2016 IEEE International Energy Conference (ENERGYCON)}, 
  title={Case study of smart city lighting system with motion detector and remote control}, 
  year={2016}
  }
  
@misc{patr,
title={Proiectarea aplicațiilor în timp real},
author={Drăgoicea,Monica},
organization={Universitatea "Politehnica" București},
year={2022}}

@misc{str,
title={Sisteme în timp real},
author={Drăgoicea,Monica},
organization={Universitatea "Politehnica" București},
year={2023}}